@online{agda-user-guide,
	url = {https://agda.readthedocs.io/en/v2.6.0.1/index.html},
	title = {Agda User Guide},
	urldate = {2019-09-08}
}
@online{vim-editing,
	url = {https://wiki.portal.chalmers.se/agda/pmwiki.php?n=Main.VIMEditing},
	title = {VIM Editing},
	urldate = {2019-09-08}
}
@online{agda-stdlib,
	url = {https://github.com/agda/agda-stdlib},
	title = {The Agda standard library},
	urldate = {2019-09-08}
}
@online{scripts-uni,
	url = {https://github.com/neosimsim/scripts/blob/master/uni},
	title = {neosimsim/scripts},
	urldate = {2019-09-08}
}
